
@techreport{bib:scheller2011,
  title = {Bestimmung Der {{Herkunftsnationen}} von {{Teilnehmern}} Des {{Sozio}}-Oekonomischen {{Panels}} ({{SOEP}}) Mit {{Migrationshintergrund}}},
  author = {Scheller, Frederich},
  year = {2011},
  month = jun,
  institution = {{DIW Berlin}},
  number = {407-2011},
  type = {Working {{Paper}}}
}


